<?xml version="1.0" encoding="UTF-8"?><collection xmlns="http://www.loc.gov/MARC21/slim"><record><leader>00495nam--2200133-i-4500</leader><controlfield tag="001">000015856</controlfield><controlfield tag="002">20161230</controlfield><controlfield tag="005">20161230201031</controlfield><controlfield tag="008">060222s1000------------r-----000-0-eng-d</controlfield><datafield ind1=" " ind2=" " tag="080"><subfield code="a">699.8:550.34</subfield></datafield><datafield ind1=" " ind2=" " tag="245"><subfield code="a">Design and construction of seismic resistant reinforced concrete frame and shear-wall build ings</subfield></datafield><datafield ind1=" " ind2=" " tag="260"><subfield code="a">Vienna,United Nations Development Programme, 1983-</subfield></datafield><datafield ind1=" " ind2=" " tag="490"><subfield code="a">Building Construction Under Seismic Conditions In The Balkan Region.Undp/Unido Project Rer/79 /015</subfield></datafield><datafield ind1=" " ind2=" " tag="852"><subfield code="a">74074</subfield></datafield></record></collection>